@book{sommerichUML, 
  title = {UML Distilled: A Brief Guide to the Standard Object Modeling Language},
  author = {Fowler, Martin},
  year = {2003},
  publisher = {Addison-Wesley}
}

@book{connollyDB,
  title = {Database Systems: A Practical Approach to Design, Implementation, and Management},
  author = {Connolly, Thomas and Begg, Carolyn},
  year = {2014},
  edition = {6},
  publisher = {Pearson}
}

@online{dstuGuidelines,
  title={Вимоги до оформлення кваліфікаційних робіт за ДСТУ},
  url={https://example.edu/dstu-guidelines},
  urldate={2025-10-24}
}
